@techreport{TrainBenchmarkTechReport,
	author = {Benedek Izs\'{o} and G\'{a}bor Sz\'{a}rnyas and Istv\'{a}n R\'{a}th},
	title = {{Train Benchmark}},
	institution = {Budapest University of Technology and Economics},
	year = {2014}
}

@inproceedings{bigmde2014,
	title = {MONDO-SAM: A Framework to Systematically Assess MDE Scalability},
	booktitle = {BigMDE 2014 2nd Workshop on Scalable Model Driven Engineering},
	year = {2014},
	pages = {40},
	publisher = {ACM},
	organization = {ACM},
	author = {Benedek Izs{\'o} and G{\'a}bor Sz{\'a}rnyas and Istv{\'a}n R{\'a}th and D{\'a}niel Varr{\'o}}
}

@article{scp2015,
	title = {EMF-IncQuery: An Integrated Development Environment for Live Model Queries},
	journal = {Science of Computer Programming},
	volume = {98},
	year = {2015},
	month = {02/2015},
	chapter = {70},
	keywords = {IncQuery},
	issn = {0167-6423},
	doi = {10.1016/j.scico.2014.01.004},
	author = {Zolt{\'a}n Ujhelyi and G{\'a}bor Bergmann and {\'A}bel Heged{\"u}s and {\'A}kos Horv{\'a}th and Benedek Izs{\'o} and Istv{\'a}n R{\'a}th and Zolt{\'a}n Szatm{\'a}ri and D{\'a}niel Varr{\'o}}
}

@inproceedings{bigmde2013,
	title = {IncQuery-D: Incremental Graph Search in the Cloud},
	booktitle = {Proceedings of the Workshop on Scalability in Model Driven Engineering},
	year = {2013},
	pages = {4},
	publisher = {ACM},
	organization = {ACM},
	address = {Budapest, Hungary},
	isbn = {978-1-4503-2165-5},
	doi = {10.1145/2487766.2487772},
	url = {http://doi.acm.org/10.1145/2487766.2487772},
	author = {Benedek Izs{\'o} and G{\'a}bor Sz{\'a}rnyas and Istv{\'a}n R{\'a}th and D{\'a}niel Varr{\'o}}
}

@inproceedings{ase2013,
	title = {{Towards Precise Metrics for Predicting Graph Query Performance}},
	booktitle = {2013 IEEE/ACM 28th International Conference on Automated Software Engineering (ASE)},
	year = {2013},
	month = {11/2013},
	pages = {412--431},
	publisher = {IEEE},
	organization = {IEEE},
	address = {Silicon Valley, CA, USA},
	keywords = {IncQuery},
	doi = {10.1109/ASE.2013.6693100},
	author = {Benedek Izs{\'o} and Zolt{\'a}n Szatm{\'a}ri and G{\'a}bor Bergmann and {\'A}kos Horv{\'a}th and Istv{\'a}n R{\'a}th}
}

@misc{MOGENTES,
      title = "Model-based Generation of Tests for Dependable Embedded Systems, 7th EU framework programme",
      howpublished = "\url{http://http://mogentes.eu/}",
      year = {2011}
}

@incollection{rensink2004groove,
  title={The GROOVE simulator: A tool for state space generation},
  author={Rensink, Arend},
  booktitle={Applications of Graph Transformations with Industrial Relevance},
  pages={479--485},
  year={2004},
  publisher={Springer}
}

@misc{autosar,
  author = {{AUTOSAR}},
  title = {{AUTomotive Open System ARchitecture}},
  howpublished = "\url{http://www.autosar.org/}"
}

@misc{RProject,
  title = {The {R} Project for Statistical Computing},
  year = {2015},
  howpublished = {\url{http://www.r-project.org/}},
}

@misc{Maven, 
	author = {{Apache.org}},
	title = {{Maven}},
	howpublished = {\url{http://maven.apache.org}}
}

@misc{eiq-homepage,
	author = {Eclipse.org},
	title = {{EMF-IncQuery}},
	howpublished = {\url{http://eclipse.org/incquery/}}
}

@misc{viatra,
	author = {Eclipse.org},
	title = {{VIATRA Project}},
	howpublished = {\url{https://www.eclipse.org/viatra/}}
}

@misc{viatra-history,
	author = {Eclipse.org},
	title = {{VIATRA History}},
	howpublished = {\url{https://wiki.eclipse.org/VIATRA/History}}
}

@misc{xtend,
	author = {Eclipse.org}, 
	title = {{Xtend -- Modernized Java}},
	howpublished = {\url{https://www.eclipse.org/xtend/}}
}

@misc{jdt,
	author = {Eclipse.org},
	title = {{Java Development Tools (JDT)}},
	howpublished = {\url{https://eclipse.org/jdt/}}
}

@inproceedings{ttc-trainbenchmark-case,
	title = {{The TTC 2015 Train Benchmark Case for Incremental Model Validation}},
	author = {G{\'a}bor Sz{\'a}rnyas and Oszk{\'a}r Semer{\'a}th and Istv{\'a}n R{\'a}th and D{\'a}niel Varr{\'o}},
	booktitle = {8th Transformation Tool Contest (TTC 2015)},
	year = {2015}
}

@inproceedings{iqpl,
	title = {{A Graph Query Language for EMF Models}},
	booktitle = {Theory and Practice of Model Transformations, Fourth Intl. Conf.},
	series = {LNCS},
	volume = {6707},
	year = {2011},
	publisher = {Springer},
	OPTorganization = {Springer},
	keywords = {IncQuery},
	author = {G{\'a}bor Bergmann and Zolt{\'a}n Ujhelyi and Istv{\'a}n R{\'a}th and D{\'a}niel Varr{\'o}},
	OPTeditor = {Jordi Cabot and Eelco Visser}
}

@inproceedings{models2010,
	title = {Incremental Evaluation of Model Queries over EMF Models},
	booktitle = {Model Driven Engineering Languages and Systems, 13th International Conference, MODELS2010},
	year = {2010},
	note = {Acceptance rate: 21\%},
	month = {10/2010},
	publisher = {Springer},
	organization = {Springer},
	doi = {http://dx.doi.org/10.1007/978-3-642-16145-2\_6},
	author = {G{\'a}bor Bergmann and {\'A}kos Horv{\'a}th and Istv{\'a}n R{\'a}th and D{\'a}niel Varr{\'o} and Andr{\'a}s Balogh and Zolt{\'a}n Balogh and Andr{\'a}s {\"O}kr{\"o}s}
}

@phdthesis{BergmannPhD,
	title = {Incremental Model Queries in Model-Driven Design},
	volume = {PhD},
	year = {2013},
	month = {10/2013},
	school = {Budapest University of Technology and Economics},
	type = {{Ph.D. dissertation}},
	address = {Budapest},
	url = {http://home.mit.bme.hu/~bergmann/download/phd-thesis-bergmann.pdf},
	author = {G{\'a}bor Bergmann}
}

@article{STTT10,
  year={2010},
  issn={1433-2779},
  journal={International Journal on Software Tools for Technology Transfer},
  volume={12},
  number={3-4},
  doi={10.1007/s10009-010-0149-7},
  title={{Experimental Assessment of Combining Pattern Matching Strategies with VIATRA2}},
  url={http://dx.doi.org/10.1007/s10009-010-0149-7},
  publisher={Springer-Verlag},
  keywords={Graph pattern matching; Graph transformation; Performance analysis; Model simulation},
  author={{\'A}kos Horv{\'a}th and G{\'a}bor Bergmann and Istv{\'a}n R{\'a}th and D{\'a}niel Varr{\'o}},
  pages={211-230},
  language={English}
}

@InProceedings{FUJABA,
  author = {U. Nickel and J. Niere and A. Z{\"u}ndorf},
  title = {{Tool demonstration: The {FUJABA} environment}},
  booktitle = {Proceedings of the 22nd International Conference on Software Engineering ({ICSE 2000})},
  year = 2000,
  pages = {742-745},
  address = {Limerick, Ireland},
  publisher = {ACM Press}
}

@incollection{GrGen,
  year={2006},
  isbn={978-3-540-38870-8},
  booktitle={Graph Transformations},
  volume={4178},
  series={Lecture Notes in Computer Science},
  doi={10.1007/11841883\_27},
  title={{GrGen: A Fast SPO-Based Graph Rewriting Tool}},
  url={http://dx.doi.org/10.1007/11841883_27},
  publisher={Springer Berlin Heidelberg},
  author={Geiß, Rubino and Batz, GernotVeit and Grund, Daniel and Hack, Sebastian and Szalkowski, Adam},
  pages={383-397},
  language={English}
}

@incollection{varro:adaptivesearch,
  year={2012},
  isbn={978-3-642-30475-0},
  booktitle={Theory and Practice of Model Transformations},
  volume={7307},
  series={LNCS},
  doi={10.1007/978-3-642-30476-7\_15},
  title={An Algorithm for Generating Model-Sensitive Search Plans for {EMF} Models},
  publisher={Springer},
  keywords={graph pattern matching; search plan generation algorithm; model-sensitive search plan},
  author={Varró, Gergely and Deckwerth, Frederik and Wieber, Martin and Schürr, Andy},
  pages={224-239}
}

@article{IST15,
	title = {Performance Comparison of Query-based Techniques for Anti-Pattern Detection},
	journal = {Information and Software Technology},
	year = {2015},
	note = {In press.},
	keywords = {IncQuery},
	doi = {10.1016/j.infsof.2015.01.003},
	author = {Zolt{\'a}n Ujhelyi and G{\'a}bor Sz{\H o}ke and {\'A}kos Horv{\'a}th and Norbert Istv{\'a}n Csisz{\'a}r and L{\'a}szl{\'o} Vid{\'a}cs and D{\'a}niel Varr{\'o} and Rudolf Ferenc}
}
